%% This BibTeX bibliography file was created using BibDesk.
%% https://bibdesk.sourceforge.io/

%% Created for Alex Gould at 2024-10-01 13:46:02 -0400 


%% Saved with string encoding Unicode (UTF-8) 



@article{dankeleffect,
	author = {Scott J. Dankel and Jeremy P. Loenneke},
	date-added = {2024-10-01 13:34:44 -0400},
	date-modified = {2024-10-01 13:38:12 -0400},
	journal = {Journal of Strength and Conditioning Research},
	keywords = {Effect Size, Paired Data, Standard Deviation of Change Scores, Change Scores},
	month = {June},
	number = {35},
	pages = {1773-1778},
	title = {EFFECT SIZES FOR PAIRED DATA SHOULD USE THE CHANGE SCORE VARIABILITY RATHER THAN THE PRE- TEST VARIABILITY},
	volume = {6},
	year = {2021},
	bdsk-file-1 = {YnBsaXN0MDDSAQIDBFxyZWxhdGl2ZVBhdGhYYm9va21hcmtfEFIuLi8uLi8uLi9Eb3dubG9hZHMvZWZmZWN0X3NpemVzX2Zvcl9wYWlyZWRfZGF0YV9zaG91bGRfdXNlX3RoZV9jaGFuZ2UuMzkgKDEpLTEucGRmTxED/GJvb2v8AwAAAAAEEDAAAAAAAAAAAAAAAAAAAAAAAAAAAAAAAAAAAAAAAAAAAAAAAPgCAAAFAAAAAQEAAFVzZXJzAAAACQAAAAEBAABhbGV4Z291bGQAAAAJAAAAAQEAAERvd25sb2FkcwAAAD8AAAABAQAAZWZmZWN0X3NpemVzX2Zvcl9wYWlyZWRfZGF0YV9zaG91bGRfdXNlX3RoZV9jaGFuZ2UuMzkgKDEpLTEucGRmABAAAAABBgAABAAAABQAAAAoAAAAPAAAAAgAAAAEAwAAoVgAAAAAAAAIAAAABAMAAAGcAwAAAAAACAAAAAQDAAA0nAMAAAAAAAgAAAAEAwAAqpK1AwAAAAAQAAAAAQYAAJwAAACsAAAAvAAAAMwAAAAIAAAAAAQAAEHGSP5JaFUJGAAAAAECAAABAAAAAAAAAA8AAAAAAAAAAAAAAAAAAAAIAAAABAMAAAIAAAAAAAAABAAAAAMDAAD1AQAACAAAAAEJAABmaWxlOi8vLwwAAAABAQAATWFjaW50b3NoIEhECAAAAAQDAAAAUKEbcwAAAAgAAAAABAAAQcHeRIAAAAAkAAAAAQEAADYzRDg5REFBLTcxOTItNDYzRi1CNUYwLTdDQTYyQURDMkQ0NRgAAAABAgAAgQAAAAEAAADvEwAAAQAAAAAAAAAAAAAAAQAAAAEBAAAvAAAAAAAAAAEFAAAMAQAAAQIAAGY4NGRiOTUwYTJhMWMxYTAwOGM2ZTNjNzMzNDcyMzk2NWRjZDE3NjFiMjhiZjA3YjhmN2JhNDk2ZjVkZThiYjE7MDA7MDAwMDAwMDA7MDAwMDAwMDA7MDAwMDAwMDA7MDAwMDAwMDAwMDAwMDAyMDtjb20uYXBwbGUuYXBwLXNhbmRib3gucmVhZC13cml0ZTswMTswMTAwMDAxMjswMDAwMDAwMDAzYjU5MmFhOzQyOy91c2Vycy9hbGV4Z291bGQvZG93bmxvYWRzL2VmZmVjdF9zaXplc19mb3JfcGFpcmVkX2RhdGFfc2hvdWxkX3VzZV90aGVfY2hhbmdlLjM5ICgxKS0xLnBkZgDMAAAA/v///wEAAAAAAAAAEAAAAAQQAACEAAAAAAAAAAUQAADcAAAAAAAAABAQAAAEAQAAAAAAAEAQAAD0AAAAAAAAAAIgAADQAQAAAAAAAAUgAABAAQAAAAAAABAgAABQAQAAAAAAABEgAACEAQAAAAAAABIgAABkAQAAAAAAABMgAAB0AQAAAAAAACAgAACwAQAAAAAAADAgAADcAQAAAAAAAAHAAAAkAQAAAAAAABHAAAAUAAAAAAAAABLAAAA0AQAAAAAAAIDwAADkAQAAAAAAAAAIAA0AGgAjAHgAAAAAAAACAQAAAAAAAAAFAAAAAAAAAAAAAAAAAAAEeA==}}
